
@book{robotics1,
  author    = "John J. Craig", 
  title     = "{Introduction to Robotics: Mechanics and Control}",
  year      = 1986
}

@book{robotics2,
  author    = "Simone Ceriani and Martino Migliavacca", 
  title     = "{Middleware in robotics. Advanced Methods of Information Technology for Autonomous Robotics. Internal Report For Advanced Methods of Information Technology for Authonomous Robotics, Politecnico di Milano, 2012.}"
}