% Encoding: UTF-8

@Online{,
  url     = {https://opencv.org/about/},
  urldate = {2021-01-15},
}

@Article{Pulli2012,
  author  = {Kari Pulli and Anatoly Baksheev and Kirill Kornyakov and Victor Eruhimov},
  journal = {Association for Compting Machinery Digital Library},
  title   = {Realtime Computer Vision with OpenCV},
  year    = {2012},
  number  = {4},
  volume  = {10},
}

@Online{,
  url     = {https://www.python.org/doc/essays/blurb/},
  urldate = {2021-01-15},
}

@Article{,
}

@Comment{jabref-meta: databaseType:bibtex;}

@Comment{jabref-entrytype: online: req[url;urldate] opt[]}
